<?xml version="1.0" encoding="UTF-8"?><record xmlns="http://www.loc.gov/MARC21/slim" xmlns:cinclude="http://apache.org/cocoon/include/1.0" xmlns:zs="http://www.loc.gov/zing/srw/">
  <leader>00465cz  a2200145n  4500</leader>
  <controlfield tag="001">n 2006000767</controlfield>
  <controlfield tag="003">DLC</controlfield>
  <controlfield tag="005">20130323081011.0</controlfield>
  <controlfield tag="008">060105n| azannaabn          |a ana      </controlfield>
  <datafield tag="010" ind1=" " ind2=" ">
    <subfield code="a">n 2006000767</subfield>
  </datafield>
  <datafield tag="040" ind1=" " ind2=" ">
    <subfield code="a">DLC</subfield>
    <subfield code="b">eng</subfield>
    <subfield code="e">rda</subfield>
    <subfield code="c">DLC</subfield>
    <subfield code="d">DLC</subfield>
  </datafield>
  <datafield tag="110" ind1="1" ind2=" ">
    <subfield code="a">Appleton (Wis.).</subfield>
    <subfield code="b">Police Department</subfield>
  </datafield>
  <datafield tag="410" ind1="2" ind2=" ">
    <subfield code="a">APD</subfield>
  </datafield>
  <datafield tag="410" ind1="1" ind2=" ">
    <subfield code="w">nnea</subfield>
    <subfield code="a">Appleton (Wis.).</subfield>
    <subfield code="b">Police Dept.</subfield>
  </datafield>
  <datafield tag="670" ind1=" " ind2=" ">
    <subfield code="a">Nettekoven, Arnold A. Appleton, WI, law enforcement, 2005:</subfield>
    <subfield code="b">cover, etc. (Appleton Police Department; APD)</subfield>
  </datafield>
</record>